<?xml version="1.0" encoding="UTF-8"?><collection xmlns="http://www.loc.gov/MARC21/slim"><record><leader>00533nam--2200181-i-4500</leader><controlfield tag="001">000031620</controlfield><controlfield tag="002">20161230</controlfield><controlfield tag="005">20161230201038</controlfield><controlfield tag="008">060222s1000------------r-----000-0-eng-d</controlfield><datafield ind1=" " ind2=" " tag="040"><subfield code="a">IFIN-HH</subfield></datafield><datafield ind1=" " ind2=" " tag="080"><subfield code="a">537:582</subfield></datafield><datafield ind1="1" ind2=" " tag="100"><subfield code="a">Gray, Paul E</subfield></datafield><datafield ind1="1" ind2="0" tag="245"><subfield code="a">The dynamic behavior of thermoelectric devices</subfield><subfield code="c">Paul e. gray</subfield></datafield><datafield ind1=" " ind2=" " tag="260"><subfield code="a">Cambridge, Massachusetts</subfield><subfield code="b">The Massachusetts Institute Technology</subfield><subfield code="c">1960</subfield></datafield><datafield ind1=" " ind2=" " tag="300"><subfield code="a">136P</subfield></datafield><datafield ind1=" " ind2=" " tag="490"><subfield code="a">Tehcnology Press Research Monographs</subfield></datafield><datafield ind1=" " ind2=" " tag="852"><subfield code="a">16476</subfield><subfield code="c">537:538</subfield></datafield><datafield ind1=" " ind2=" " tag="CAT"><subfield code="a">Sys</subfield><subfield code="c">20110610</subfield><subfield code="h">090543</subfield></datafield></record></collection>